@article{tp,
	title={Analysis of Optimal Thread Pool Size},
	author={Yibei~Ling and Tracy~Mullen and Xiaola~Lin},
	pages={14},
	year={2000}
}

@misc{pselect,
	title={MAN pselect},
	howpublished={[Электронный ресурс]. ~--- Режим доступа:
	\url{https://www.opennet.ru/man.shtml?topic=pselect&category=2&russian=0} (дата обращения: 23.11.24).}
}

@misc{macos,
	title={MacOS},
	howpublished={[Электронный ресурс]. ~--- Режим доступа:	\url{https://www.apple.com/macos/macos-sequoia/} (дата обращения: 25.11.24).}
}

%@misc{nginx,
%	title={NGINX},
%	howpublished={[Электронный ресурс]. ~--- Режим доступа:	\url{https://nginx.org/ru/} (дата обращения: 26.11.24).}
%}
%
%@misc{ab,
%	title={Apache Benchmark},
%	howpublished={[Электронный ресурс]. ~--- Режим доступа:	\url{https://httpd.apache.org/docs/current/programs/ab.html} (дата обращения: 26.11.24).}
%}